%% This BibTeX bibliography file was created using BibDesk.
%% http://bibdesk.sourceforge.net/


%% Created for Alessia Maggi at 2015-07-29 17:25:35 +0200 


%% Saved with string encoding Unicode (UTF-8) 



@article{OgutcuEtal2011,
	Author = {Z. \"Og\"utc\"u and G. Horasan and D. Kalafat},
	Date-Added = {2015-07-29 15:22:34 +0000},
	Date-Modified = {2015-07-29 15:24:50 +0000},
	Doi = {10.1007/s11069-010-9683-6},
	Journal = {Natural Hazards},
	Number = {497-509},
	Title = {Investigation of microseismic activity sources in Konya and its vicinity, central Turkey},
	Volume = {58},
	Year = {2011}}

@article{FarahaniEtal2012,
	Author = {J.V. Farahani and M. Zare and C. Lucas},
	Date-Added = {2015-07-29 14:55:50 +0000},
	Date-Modified = {2015-07-29 14:57:25 +0000},
	Doi = {10.1007/s10950-011-9270-7},
	Journal = {Journal of Seismology},
	Pages = {291-303},
	Title = {Adaptive neuro-fuzzy inference systems for semi-automatic discrimination between seismic events: a study in Tehran region},
	Volume = {16},
	Year = {2012}}

@techreport{vonSeggernRivers1979,
	Author = {D.H. von Seggern and D.W. Rivers},
	Date-Added = {2015-07-29 14:49:35 +0000},
	Date-Modified = {2015-07-29 14:51:10 +0000},
	Institution = {Teledyne Geotech},
	Title = {Seismic discrimination of earthquakes and explosions with application to the southwestern United States},
	Year = {1979}}

@inproceedings{Douglas1981,
	Author = {A. Douglas},
	Booktitle = {Identification of Seismic Sources - Earthquake or Underground Explosion},
	Date-Added = {2015-07-29 14:34:40 +0000},
	Date-Modified = {2015-07-29 14:36:01 +0000},
	Editor = {E.S. Husebye and S. Mykkeltveit},
	Organization = {NATO Advanced Study Institute},
	Pages = {1-48},
	Publisher = {D. Riedel Publishing Company},
	Title = {Seismic source identification: a review of past and present efforts},
	Year = {1981}}

@inproceedings{Blandford1981,
	Author = {A. Douglas},
	Booktitle = {Identification of Seismic Sources - Earthquake or Underground Explosion},
	Date-Added = {2015-07-29 14:21:55 +0000},
	Date-Modified = {2015-07-29 14:35:36 +0000},
	Editor = {E.S. Husebye and S. Mykkeltveit},
	Organization = {NATO Advanced Study Institute},
	Pages = {695-740},
	Publisher = {D. Riedel Publishing Company},
	Title = {Seismic discrimination problems at regional distances},
	Year = {1981}}

@article{MurphyBennett1982,
	Author = {J.R. Murphy and T.J. Bennett},
	Date-Added = {2015-07-29 14:00:18 +0000},
	Date-Modified = {2015-07-29 14:01:21 +0000},
	Journal = {Bulletin of the Seismological Society of America},
	Number = {4},
	Pages = {1351-1366},
	Title = {A discrimination analysis of short-period regional seismic data recorded at Tonto Forest observatory},
	Volume = {72},
	Year = {1982}}

@article{Blandford1982,
	Author = {R.R. Blandford},
	Date-Added = {2015-07-29 13:20:23 +0000},
	Date-Modified = {2015-07-29 13:21:15 +0000},
	Journal = {Bulletin of the Seismological Society of America},
	Number = {6},
	Pages = {69-87},
	Title = {Seismic event discrimination},
	Volume = {72},
	Year = {1982}}

@article{CaraEtal2015,
	Author = {M. Cara and Y. Cansi and A. Schlupp and P. Arroucau and N. B{\'e}thoux and E. Beucler and S. Bruno and M. Calvet and S. Chevrot and A. Deboissy and B. Delouis and M. Denieul and A. Deschamps and C. Doubre and J. Frechet and S. Godey and O. Golle and M. Grunberg and J. Guilbert and M. Haugmard and L. Jenatton and S. Lambotte and D. Leobal and C. Maron and V. Mendel and S. Merrer and M. Macquet and A. Mignan and A. Mocquet and M. Nicolas and J. Perrot and B. Potin and O. Sanchez and J.P. Santoire and O. S{\`e}be and M. Sylvander and F. Thouvenot and J. Van der Woerd and K. Van der Woerd},
	Date-Added = {2015-07-29 11:58:12 +0000},
	Date-Modified = {2015-07-29 12:02:32 +0000},
	Journal = {Bulletin de la Soci{\'e}t{\'e} G{\'e}ologique de France},
	Number = {1},
	Pages = {3-19},
	Title = {SI-Hex: a new catalogue of instrumental seismicity for metropolitan France},
	Volume = {186},
	Year = {2015}}
